<record><leader>00000cas a22000007a 4500</leader><controlfield tag="001">18026827</controlfield><controlfield tag="008">880601d18881889pauwr ne      0    0eng d</controlfield><datafield ind1=" " ind2=" " tag="010"><subfield code="a">sn 88080765 </subfield></datafield><datafield ind1=" " ind2=" " tag="040"><subfield code="a">NPH</subfield><subfield code="b">eng</subfield><subfield code="c">NPH</subfield><subfield code="d">OCL</subfield><subfield code="d">OCLCQ</subfield></datafield><datafield ind1=" " ind2=" " tag="042"><subfield code="a">msc</subfield></datafield><datafield ind1="0" ind2="0" tag="245"><subfield code="a">Mansfield union.</subfield></datafield><datafield ind1="1" ind2="3" tag="246"><subfield code="a">Union</subfield></datafield><datafield ind1=" " ind2=" " tag="260"><subfield code="a">Putnam, Allegheny County, Pa. :</subfield><subfield code="b">Beard &amp; Son,</subfield><subfield code="c">-1889.</subfield></datafield><datafield ind1=" " ind2=" " tag="300"><subfield code="a">v.</subfield></datafield><datafield ind1=" " ind2=" " tag="310"><subfield code="a">Weekly</subfield></datafield><datafield ind1="0" ind2=" " tag="362"><subfield code="a">-v. 2, no. 22 (Sept. 13, 1889).</subfield></datafield><datafield ind1="1" ind2=" " tag="362"><subfield code="a">Began in 1888.</subfield></datafield><datafield ind1=" " ind2=" " tag="500"><subfield code="a">"Official paper Cha[r]tiers Boro."</subfield></datafield><datafield ind1=" " ind2=" " tag="500"><subfield code="a">Published in Chartiers, Pa., July 13, 1889-</subfield></datafield><datafield ind1=" " ind2=" " tag="525"><subfield code="a">Accompanied by occasional supplements, &lt;1889&gt;.</subfield></datafield><datafield ind1=" " ind2=" " tag="588"><subfield code="a">Description based on: Vol. 1, no. 10 (June 9, 1888).</subfield></datafield><datafield ind1=" " ind2=" " tag="752"><subfield code="a">United States</subfield><subfield code="b">Pennsylvania</subfield><subfield code="c">Allegheny</subfield><subfield code="d">Putnam.</subfield></datafield><datafield ind1=" " ind2=" " tag="752"><subfield code="a">United States</subfield><subfield code="b">Pennsylvania</subfield><subfield code="c">Allegheny</subfield><subfield code="d">Chartiers.</subfield></datafield><datafield ind1=" " ind2=" " tag="752"><subfield code="a">United States</subfield><subfield code="b">Pennsylvania</subfield><subfield code="c">Allegheny</subfield><subfield code="d">Mansfield.</subfield></datafield><datafield ind1="0" ind2="0" tag="785"><subfield code="t">Chartiers union</subfield><subfield code="w">(DLC)sn 88080764</subfield></datafield><datafield ind1="1" ind2=" " tag="029"><subfield code="a">AU@</subfield><subfield code="b">000020512808</subfield></datafield></record>